<?xml version="1.0" encoding="UTF-8"?>
<collection xmlns="http://www.loc.gov/MARC21/slim" xmlns:xsi="http://www.w3.org/2001/XMLSchema-instance" xmlns:marc="http://www.loc.gov/MARC21/slim" xsi:schemaLocation="http://www.loc.gov/MARC21/slim http://www.loc.gov/standards/marcxml/schema/MARC21slim.xsd">
   <record><marc:leader>01297cas a2200289M  4500</marc:leader><marc:controlfield tag="001">2507544</marc:controlfield><marc:controlfield tag="005">20140602105529.0</marc:controlfield><marc:controlfield tag="008">751101d19051914fr uu p       0    1fre u</marc:controlfield><marc:datafield tag="035" ind1=" " ind2=" "><marc:subfield code="a">(OCoLC)ocm01773312</marc:subfield></marc:datafield><marc:datafield tag="035" ind1=" " ind2=" "><marc:subfield code="a">0886372</marc:subfield><marc:subfield code="b">MULS</marc:subfield></marc:datafield><marc:datafield tag="035" ind1=" " ind2=" "><marc:subfield code="9">CLU5922TS</marc:subfield></marc:datafield><marc:datafield tag="040" ind1=" " ind2=" "><marc:subfield code="c">MUL</marc:subfield><marc:subfield code="d">PUL</marc:subfield></marc:datafield><marc:datafield tag="245" ind1="0" ind2="0"><marc:subfield code="a">S I M;</marc:subfield><marc:subfield code="b">revue musicale.</marc:subfield></marc:datafield><marc:datafield tag="260" ind1=" " ind2=" "><marc:subfield code="a">Paris,</marc:subfield><marc:subfield code="b">Société Internationale de Musique.</marc:subfield></marc:datafield><marc:datafield tag="500" ind1=" " ind2=" "><marc:subfield code="a">Title varies: 1905-1905, Mercure musicale; 1907, Mercure musicale et bulletin française de SIM; 1908-Oct. 1909, Society's Bulletin française; Nov.-Dec. 1909, Revue musicale SIM.</marc:subfield></marc:datafield><marc:datafield tag="500" ind1=" " ind2=" "><marc:subfield code="a">Absorbed Revue musicale, 1912.</marc:subfield></marc:datafield><marc:datafield tag="500" ind1=" " ind2=" "><marc:subfield code="a">Ceased publication with vol. 10, Aug. 1914.</marc:subfield></marc:datafield><marc:datafield tag="500" ind1=" " ind2=" "><marc:subfield code="a">Société Internationale de Musique./-S I M; revue musicale.</marc:subfield></marc:datafield><marc:datafield tag="500" ind1=" " ind2=" "><marc:subfield code="a">Revue musicale SIM.</marc:subfield></marc:datafield><marc:datafield tag="500" ind1=" " ind2=" "><marc:subfield code="a">Société Internationale de Musique./-Bulletin française.</marc:subfield></marc:datafield><marc:datafield tag="500" ind1=" " ind2=" "><marc:subfield code="a">Mercure musicale.</marc:subfield></marc:datafield><marc:datafield tag="500" ind1=" " ind2=" "><marc:subfield code="a">Directors: 1905-1909, L. Laloy (with J. Marnold, 1905-06, J.    Écorcheville, 1907-09)-\-1910?-   J. Écorcheville.</marc:subfield></marc:datafield><marc:datafield tag="525" ind1=" " ind2=" "><marc:subfield code="a">Separately paged supplements accompany some issues.</marc:subfield></marc:datafield><datafield tag="599" ind1=" " ind2=" "><subfield code="a">ark:/88435/qz20sw209</subfield><subfield code="b">bmtnabh_1905-07-01_01</subfield><subfield code="v">vol.1 1905-07-01</subfield></datafield>
      
      
      
      
      
      
      
      
      
      
      
      
      
      
      
      
      
      
      
      
      
      
      
      
      
      
      
      
      
      
      
      
      
      
      
      
      
      
      
      
      
      
      
      
      
      
      
      
      
      
      
      
      
      
      
      
      
      
      
      
      
      
      
      
      
      
      
      
      
      
      
      
      
      
      
      
      
      
      
      
      
      
      
      
      
      
      
      
      
      
      
      
      
      
      
      
      
      
      
      
      
      
      
      
      
      
      
      
      
      
      
      
      <marc:datafield tag="650" ind1=" " ind2="0"><marc:subfield code="a">Music</marc:subfield><marc:subfield code="v">Periodicals.</marc:subfield></marc:datafield>
      <marc:datafield tag="856" ind1="4" ind2="1"><marc:subfield code="u">http://arks.princeton.edu/ark:/88435/5m60qt286</marc:subfield></marc:datafield>
      <marc:datafield tag="945" ind1=" " ind2=" "><marc:subfield code="a">SV</marc:subfield><marc:subfield code="b">1</marc:subfield><marc:subfield code="c">ML5</marc:subfield><marc:subfield code="d">.S11</marc:subfield><marc:subfield code="e">1.-10 année</marc:subfield><marc:subfield code="f">LACKS: Nov.-Dec. 1906; May 1913; June 1914</marc:subfield></marc:datafield>
      <marc:datafield tag="911" ind1=" " ind2=" "><marc:subfield code="a">19990912</marc:subfield></marc:datafield>
   </record>
</collection>
